@article{4015457,
  author={Ellsworth, D. and Green, B. and Henze, C. and Moran, P. and Sandstrom, T.},
  journal={Visualization and Computer Graphics, IEEE Transactions on}, title={Concurrent Visualization in a Production Supercomputing Environment},
  year={2006},
  volume={12},
  number={5},
  pages={997-1004},
  doi={10.1109/TVCG.2006.128},
  ISSN={1077-2626},}

@article{1742-6596-125-1-012099,
  author={R B Ross and T Peterka and H-W Shen and Y Hong and K-L Ma and H Yu and K Moreland},
  title={Visualization and parallel I/O at extreme scale},
  journal={Journal of Physics: Conference Series},
  volume={125},
  number={1},
  pages={012099},
  url={http://stacks.iop.org/1742-6596/125/i=1/a=012099},
  year={2008},
}

@INPROCEEDINGS{4090186,
  author={Tu, T. and Yu, H. and Ramirez-Guzman, L. and Bielak, J. and Ghattas, O. and Ma, K.-L. and O'Hallaron, D.R.},
  booktitle={SC 2006 Conference, Proceedings of the ACM/IEEE}, title={From Mesh Generation to Scientific Visualization: An End-to-End Approach to Parallel Supercomputing},
  year={2006},
  pages={12-12},
 doi={10.1109/SC.2006.32},
}

@INPROCEEDINGS{sandiareport,
  author="David Thompson, Nathan D. Fabian, Kenneth D. Moreland and Lisa G. Ice",
  booktitle ={Technical Report SAND2009-2014, Sandia National Laboratories},
  title= "Design Issues for Performing In Situ Analysis of Simulation Data",
  pages={7-18},
  year={2009}
}

@INPROCEEDINGS{6092322,
  author={Fabian, N. and Moreland, K. and Thompson, D. and Bauer, A.C. and Marion, P. and Geveci, B. and Rasquin, M. and Jansen, K.E.},
  booktitle={Large Data Analysis and Visualization (LDAV), 2011 IEEE Symposium on}, title={The ParaView Coprocessing Library: A scalable, general purpose in situ visualization library},
  year={2011},
  pages={89-96},
  doi={10.1109/LDAV.2011.6092322}
}

@INPROCEEDINGS{5644955,
  author={Vezolle, P. and Heyman, J. and D'Amora, B. and Braudaway, G. and Magerlein, K. and Magerlein, J. and Fournier, Y.},
  booktitle={Computer Architecture and High Performance Computing (SBAC-PAD), 2010 22nd International Symposium on}, title={Accelerating Computational Fluid Dynamics on the IBM Blue Gene/P Supercomputer},
  year={2010},
  pages={159-166},
  doi={10.1109/SBAC-PAD.2010.27},
  ISSN={1550-6533},}


@INPROCEEDINGS{4020782,
  author={Esnard, A. and Richart, N. and Coulaud, O.},
  booktitle={Distributed Simulation and Real-Time Applications, 2006. DS-RT'06. Tenth IEEE International Symposium on}, title={A Steering Environment for Online Parallel Visualization of Legacy Parallel Simulations},
  year={2006},
  pages={7-14},
  doi={10.1109/DS-RT.2006.7},
  ISSN={1550-6525},}

@ARTICLE{6152102,
  author={Biddiscombe, J. and Soumagne, J. and Oger, G. and Guibert, D. and Piccinali, J.-G.},
  journal={Visualization and Computer Graphics, IEEE Transactions on}, title={Parallel Computational Steering for HPC Applications Using HDF5 Files in Distributed Shared Memory},
  year={2012},
  volume={18},
  number={6},
  pages={852-864},
  doi={10.1109/TVCG.2012.63},
  ISSN={1077-2626},}

@ARTICLE{Harting03computationalsteering,
  author = {Brooke, J.M. and Coveney, P.V. and Harting, J. and Pickles, S.M. and Pinning, and R.L. Porter, A.R.},
  title = {Computational Steering in RealityGrid},
  journal={Proc. UK E-Science All Hands Meeting},
  pages={885-888},
  year = {2003}
}

@inproceedings{2386230,
  author = {Whitlock, Brad and Favre, Jean M. and Meredith, Jeremy S.},
  title = {Parallel in situ coupling of simulation with a fully featured visualization system},
  booktitle = {Proceedings of the 11th Eurographics conference on Parallel Graphics and Visualization},
  series = {EG PGV'11},
  year = {2011},
  isbn = {978-3-905674-32-3},
  location = {Llandudno, UK},
  pages = {101--109},
  numpages = {9},
  url = {http://dx.doi.org/10.2312/EGPGV/EGPGV11/101-109},
  doi = {10.2312/EGPGV/EGPGV11/101-109},
  acmid = {2386245},
  publisher = {Eurographics Association},
  address = {Aire-la-Ville, Switzerland, Switzerland},
}

@INPROCEEDINGS{1532795,
  author={Childs, H. and Brugger, E. and Bonnell, K. and Meredith, J. and Miller, M. and Whitlock, B. and Max, N.},
  booktitle={Visualization, 2005. VIS 05. IEEE}, title={A contract based system for large data visualization},
  year={2005},
  pages={191-198},
  keywords={data flow computing;data visualisation;very large databases;VisIt data flow network design;contract based system;featured visualization tool;Concurrent computing;Contracts;Data analysis;Data visualization;Geometry;Graphics;Hardware;Laboratories;Pipelines;Rendering (computer graphics)},
  doi={10.1109/VISUAL.2005.1532795},
}

@INPROCEEDINGS{964413,
  author={Law, C.C. and Henderson, A. and Ahrens, J.},
  booktitle={Parallel and Large-Data Visualization and Graphics, 2001. Proceedings. IEEE 2001 Symposium on}, title={An application architecture for large data visualization: a case study},
  year={2001},
  pages={125-159},
  keywords={data visualisation;oceanography;parallel processing;pipeline processing;rendering (computer graphics);software packages;9.8 Gbyte;Tcl scripting language;VTK parallel visualization pipeline and parallel-rendering module;Visualization ToolKit;data-parallel application architecture;large data visualization;modular architecture;open-source visualization application;scalable performance;structured-grid ocean model;user interface;Application software;Computational modeling;Computer aided software engineering;Data visualization;Geometry;Laboratories;Libraries;Oceans;Open source software;Pipelines},
  doi={10.1109/PVGS.2001.964413},
}

@INPROCEEDINGS{cs2004,
  author={Archambeau, F. and Mechitoua, N. and Sakiz, M.},
  booktitle={Industrial Applications, International Journal on Finite Volumes, Vol. 1},
  title={Code Saturne: A Finite Volume Code for the Computation of Turbulent Incompressible Flows}
  year={2004}
}
  
@misc{userguide,
  author={Archambeau, F. and Mechitoua, N. and Sakiz, M.},
  title= {EDF, Code\_Saturne version 3.0 practical user's guide},
  year={2013}
}

@INPROCEEDINGS{4291178,
  author={Ribes, A. and Caremoli, C.},
  booktitle={Computer Software and Applications Conference, 2007. COMPSAC 2007.
    31st Annual International},
  title={Salome platform component model for numerical simulation},
  year={2007},
  volume={2},
  pages={553-564},
  keywords={object-oriented programming;software engineering;Salome platform
    component model;numerical framework;numerical simulation codes;programming
      model;Application software;Computer interfaces;Functional
      programming;Graphical user interfaces;Kernel;Numerical models;Numerical
      simulation;Physics computing;Research and development;Solid modeling},
  doi={10.1109/COMPSAC.2007.185},
  ISSN={0730-3157},}
